@techreport{NNU76,
  author       = {{NASA}, {NOAA}, and {USAF}},
  title        = {{U.S. Standard Atmosphere, 1976}},
  institution  = {National Aeronautics and Space Administration},
  number       = {NASA-TM-X-74335},
  year         = {1976},
  url          = {https://ntrs.nasa.gov/search.jsp?R=19770009539},
  note         = {utoljára látogatva: 2025-10-30}
}